<?xml version="1.0" encoding="UTF-8"?><collection xmlns="http://www.loc.gov/MARC21/slim"><record><leader>00379nam--2200145-i-4500</leader><controlfield tag="001">000003037</controlfield><controlfield tag="002">20161230</controlfield><controlfield tag="005">20161230201025</controlfield><controlfield tag="008">060222s1000------------r-----000-0-eng-d</controlfield><datafield ind1=" " ind2=" " tag="080"><subfield code="a">621.397</subfield></datafield><datafield ind1=" " ind2=" " tag="100"><subfield code="a">Chinn, Howard A</subfield></datafield><datafield ind1=" " ind2=" " tag="245"><subfield code="a">Television broadcasting</subfield></datafield><datafield ind1=" " ind2=" " tag="260"><subfield code="a">New York, Mc Graw Hill, 1953 Ix + 7000 P. Cu Fig</subfield></datafield><datafield ind1=" " ind2=" " tag="490"><subfield code="a">Mc Graw Hill Television Series</subfield></datafield><datafield ind1=" " ind2=" " tag="852"><subfield code="a">11794</subfield></datafield></record></collection>